<?xml version="1.0" encoding="UTF-8"?>
<collection xmlns:xsi="http://www.w3.org/2001/XMLSchema-instance" xsi:schemaLocation="http://www.loc.gov/MARC21/slim http://www.loc.gov/standards/marcxml/schema/MARC21slim.xsd" xmlns="http://www.loc.gov/MARC21/slim">
<record>
  <leader>00791cam a2200193Mi 4500</leader>
  <controlfield tag="001">4919360</controlfield>
  <controlfield tag="003">NNC</controlfield>
  <controlfield tag="005">20041221184335.0</controlfield>
  <controlfield tag="008">930528s1924    ua            000 0 ara d</controlfield>
  <datafield tag="035" ind1=" " ind2=" ">
    <subfield code="a">(OCoLC)ocm33993423</subfield>
  </datafield>
  <datafield tag="035" ind1=" " ind2=" ">
    <subfield code="a">(NNC)4919360</subfield>
  </datafield>
  <datafield tag="040" ind1=" " ind2=" ">
    <subfield code="a">HLS</subfield>
    <subfield code="c">HLS</subfield>
    <subfield code="d">OCL</subfield>
  </datafield>
  <datafield tag="100" ind1="1" ind2=" ">
    <subfield code="a">Marzubānī, Muḥammad ibn ʻImrān,</subfield>
    <subfield code="d">909?-994?</subfield>
  </datafield>
  <datafield tag="245" ind1="1" ind2="3">
    <subfield code="a">al-Muwashshaḥ fī maʾākhidh al-ʻulamāʾ ʻalá al-shuʻarāʾ /</subfield>
    <subfield code="c">taʾlīf Abī ʻUbayd Allāh Muḥammad ibn ʾImrān al-Marzubānī; ʻuniyat bi-nashrihi Jamʻīyat Nashr al-Kutub al-ʻArabīyah.</subfield>
  </datafield>
  <datafield tag="260" ind1=" " ind2=" ">
    <subfield code="a">al-Qāhirah :</subfield>
    <subfield code="b">al-Maṭbaʻah al-Salafīyah,</subfield>
    <subfield code="c">1343 [1924 or 1925]</subfield>
  </datafield>
  <datafield tag="300" ind1=" " ind2=" ">
    <subfield code="a">477 p. ;</subfield>
    <subfield code="c">25 cm.</subfield>
  </datafield>
  <datafield tag="500" ind1=" " ind2=" ">
    <subfield code="a">Includes indexes.</subfield>
  </datafield>
  <datafield tag="650" ind1=" " ind2="0">
    <subfield code="a">Arabic poetry</subfield>
    <subfield code="x">History and criticism</subfield>
    <subfield code="v">Early works to 1800.</subfield>
  </datafield>
  <datafield tag="955" ind1=" " ind2=" ">
    <subfield code="b">CU59033851</subfield>
    <subfield code="d">off,glx</subfield>
    <subfield code="e">893.782 M369</subfield>
  </datafield>
</record>
</collection>